@article{greenwade93,
    author  = "George D. Greenwade",
    title   = "The {C}omprehensive {T}ex {A}rchive {N}etwork ({CTAN})",
    year    = "1993",
    journal = "TUGBoat",
    volume  = "14",
    number  = "3",
    pages   = "342--351"
}

@article{synario,
    author  = "Synario Design Automation",
    title   = "VHDL Reference Manual",
    year    = "1997",
    journal = "Synario"
}

@article{brandolese,
    author  = "Carlo Brandolese",
    title   = "Introduzione al linguaggio VHDL, Aspetti teorici ed esempi di progettazione",
    journal = "Politecnico di Milano"
}
